@inproceedings{b1,
	author = {M. Ono and B. C. Williams},
	title = {Iterative Risk Allocation: A new approach to robust Model Predictive Control with a joint chance constraint},
	booktitle = {47th IEEE Conference on Decision and Control},
	year = {2008},
	pages = {3427--3432},
	address = {Cancun, Mexico},
} 
